@misc{horridge_practical_2011,
	title = {A Practical Guide To Building {OWL} Ontologies Using Protégé 4 and {CO}-{ODE} Tools Edition 1.3},
	author = {Horridge, Matthew},
	howpublished = "[Online; accessed 2022-06-20] \url{http://mowl-power.cs.man.ac.uk/protegeowltutorial/resources/ProtegeOWLTutorialP4_v1_3.pdf}"
}

@techreport{oneill_pcg_2014,
    title = "PCG: A Family of Simple Fast Space-Efficient Statistically Good Algorithms for Random Number Generation",
    author = "Melissa E. O'Neill",
    institution = "Harvey Mudd College",
    address = "Claremont, CA",
    number = "HMC-CS-2014-0905",
    year = "2014",
    month = Sep,
    xurl = "https://www.cs.hmc.edu/tr/hmc-cs-2014-0905.pdf",
}
