@String{pub-AW          = "Ad{\-d}i{\-s}on-Wes{\-l}ey"}
@String{pub-AW:adr      = "Reading, MA, USA"}

@inproceedings{Wasik2016,
  title={Optil.io: Cloud based platform for solving optimization problems using crowdsourcing approach},
  author={Wasik, Szymon and Antczak, Maciej and Badura, Jan and Laskowski, Artur and Sternal, Tomasz},
  booktitle={Proceedings of the 19th ACM Conference on Computer Supported Cooperative Work and Social Computing Companion},
  pages={433--436},
  year={2016}
}

@article{Wasik2017,
  title={A survey on online judge systems and their applications},
  author={Wasik, Szymon and Antczak, Maciej and Badura, Jan and Laskowski, Artur and Sternal, Tomasz},
  journal={ACM Computing Surveys (CSUR)},
  volume={51},
  number={1},
  pages={1--34},
  year={2018},
  publisher={ACM New York, NY, USA}
}

@article{Forivsek2006,
  title={Security of programming contest systems},
  author={Fori{\v{s}}ek, Michal},
  journal={Information Technologies at School},
  pages={553--563},
  year={2006}
}

@article{Forsythe1965,
  author = {Forsythe, George E. and Wirth, Niklaus},
  title = {Automatic Grading Programs},
  year = {1965},
  issue_date = {May 1965},
  publisher = {Association for Computing Machinery},
  address = {New York, NY, USA},
  volume = {8},
  number = {5},
  issn = {0001-0782},
  url = {https://doi.org/10.1145/364914.364937},
  doi = {10.1145/364914.364937},
  journal = {Commun. ACM},
  month = may,
  pages = {275–278},
  numpages = {4}
}

@book{Albert2019,
  title={Lessons in play: an introduction to combinatorial game theory},
  author={Albert, Michael H and Nowakowski, Richard J and Wolfe, David},
  year={2019},
  publisher={CRC Press}
}

@article{Bernstein2014,
  title={Containers and cloud: From lxc to docker to kubernetes},
  author={Bernstein, David},
  journal={IEEE Cloud Computing},
  volume={1},
  number={3},
  pages={81--84},
  year={2014},
  publisher={IEEE}
}

@article{Knuth1975,
  title={An analysis of alpha-beta pruning},
  author={Knuth, Donald E and Moore, Ronald W},
  journal={Artificial intelligence},
  volume={6},
  number={4},
  pages={293--326},
  year={1975},
  publisher={Elsevier}
}

@article{Campbell1983,
  title={A comparison of minimax tree search algorithms},
  author={Campbell, Murray S and Marsland, T. Anthony},
  journal={Artificial Intelligence},
  volume={20},
  number={4},
  pages={347--367},
  year={1983},
  publisher={Elsevier}
}

@inbook{Flanagan2014SinglePageApp,
  title        = "JavaScript: The Definitive Guide: The Definitive Guide",
  author       = "Flanagan, David",
  chapter      = "20.3.2",
  pages        = "497",
  year         = 2006,
  publisher    = "{O'Reilly Media, Inc.}",
}

@misc{kaggle,
  title={Kaggle},
  author={{Kaggle Inc.}},
  howpublished="[Online; accessed 28 January 2021] \url{https://www.kaggle.com}",
}

@misc{spoj,
  title={Sphere online judge},
  author={{Sphere Research Labs}},
  howpublished="[Online; accessed 28 January 2021] \url{https://www.spoj.com}",
}

@misc{tiobe,
  title={Tiobe index},
  author={{TIOBE Company}},
  howpublished="[Online; accessed 28 January 2021] \url{https://www.tiobe.com/tiobe-index/}",
}

@inproceedings{Felter2015,
  author={W. {Felter} and A. {Ferreira} and R. {Rajamony} and J. {Rubio}},
  booktitle={2015 IEEE International Symposium on Performance Analysis of Systems and Software (ISPASS)}, 
  title={An updated performance comparison of virtual machines and Linux containers}, 
  year={2015},
  volume={},
  number={},
  pages={171-172},
  doi={10.1109/ISPASS.2015.7095802}
}

@inproceedings{Haupt2014,
  author={F. {Haupt} and D. {Karastoyanova} and F. {Leymann} and B. {Schroth}},
  booktitle={2014 IEEE International Conference on Web Services}, 
  title={A Model-Driven Approach for REST Compliant Services}, 
  year={2014},
  pages={129-136},
  doi={10.1109/ICWS.2014.30}
}

@inproceedings{Maeda2012,
  author={K. {Maeda}},
  booktitle={2012 Second International Conference on Digital Information and Communication Technology and it's Applications (DICTAP)}, 
  title={Performance evaluation of object serialization libraries in XML, JSON and binary formats}, 
  year={2012},
  pages={177-182},
  doi={10.1109/DICTAP.2012.6215346}
}

@article{Smith1995,
  title={Fixed point for negamaxing probability distributions on regular trees},
  author={Smith, Warren D},
  journal={preprint},
  year={1995},
  publisher={Citeseer}
}

@misc{Flatbuf,
  title={{FlatBuffers}},
  author={Google},
  howpublished="[Online; accessed 28 January 2021] \url{https://google.github.io/flatbuffers/}",
}

@misc{Protobuf,
  title={Protocol {Buffers}},
  author={Google},
  howpublished="[Online; accessed 28 January 2021] \url{https://developers.google.com/protocol-buffers/}",
}

@misc{Lighthouse,
  title={Google {Chrome} {Lighthouse}},
  author={Google},
  howpublished="[Online; accessed 28 January 2021] \url{https://developers.google.com/web/tools/lighthouse/}",
}

@misc{lighthouse_metrics,
  title={Google {Chrome} {Lighthouse} -- Performance {M}etrics},
  author={Google},
  howpublished="[Online; accessed 28 January 2021] \url{https://web.dev/lighthouse-performance/#metrics}",
}

@misc{Flexbuf,
  title={{FlexBuffers}},
  author={Google},
  howpublished="[Online; accessed 28 January 2021] \url{https://google.github.io/flatbuffers/flexbuffers.html/}",
}

@misc{pugjs,
  title={Pug.js},
  author={Lindesay, Forbes and Gu, Timothy},
  howpublished="[Online; accessed 28 January 2021] \url{https://pugjs.org/}",
}

@misc{vuejs,
  title={Vue.js},
  author={You, Evan},
  howpublished="[Online; accessed 28 January 2021] \url{https://vuejs.org/}",
}

@misc{vuex,
  title={Vuex},
  author={You, Evan},
  howpublished="[Online; accessed 28 January 2021] \url{https://vuex.vuejs.org/}",
}

@misc{axios,
  title={Axios},
  author={Zabriskie, Matt},
  howpublished="[Online; accessed 28 January 2021] \url{https://github.com/axios/axios/}",
}

@misc{stylus,
  title={Stylus},
  author={Holowaychuk, TJ},
  howpublished="[Online; accessed 28 January 2021] \url{https://stylus-lang.com/}",
}

@misc{stylus_mixins,
  title={Stylus documentation -- Mixins},
  author={Holowaychuk, TJ},
  howpublished="[Online; accessed 26 January 2021] \url{https://stylus-lang.com/docs/mixins.html}",
}

@misc{mozilla_fetch,
  title={MDN {W}eb {D}ocumentation -- fetch {API}},
  author={Mozilla and contributors},
  howpublished="[Online; accessed 26 January 2021] \url{https://developer.mozilla.org/en-US/docs/Web/API/Fetch_API}",
}

@misc{mozilla_localstorage,
  title={MDN {W}eb {D}ocumentation -- local{S}torage {API}},
  author={Mozilla and contributors},
  howpublished="[Online; accessed 26 January 2021] \url{https://developer.mozilla.org/en-US/docs/Web/API/Window/localStorage}",
}

@TechReport{xml,
  author      = "Eve Maler and Jean Paoli and Michael Sperberg-McQueen and Fran\c{c}ois Yergeau and John Cowan and Tim Bray",
  title       = "Extensible Markup Language ({XML}) {1.1} (Second Edition)",
  month       = aug,
  note        = "https://www.w3.org/TR/2006/REC-xml11-20060816/",
  year        = "2006",
  bibsource   = "https://w2.syronex.com/jmr/w3c-biblio",
  type        = "{W3C} Recommendation",
  institution = "W3C",
}

@misc{nginx,
  title={Nginx},
  author={Sysoev, Igor},
  howpublished="[Online; accessed 28 January 2021] \url{https://nginx.org/}",
}

@misc{nodejs,
  title={Node.js: evented {I/O} for v8 javascript},
  author={Dahl, Ryan},
  howpublished="[Online; accessed 28 January 2021] \url{https://nodejs.org/}",
}

@misc{yarn,
  title={Yarn},
  author={Yarn contributors},
  howpublished="[Online; accessed 28 January 2021] \url{https://yarnpkg.com/}",
}

@misc{anaconda,
  title={Anaconda},
  author={Anaconda{, Inc.}},
  howpublished="[Online; accessed 28 January 2021] \url{https://www.anaconda.com/}",
}

@misc{voidlinux,
  title={Void {Linux}},
  author={Pardines, R. Juan and contributors},
  howpublished="[Online; accessed 28 January 2021] \url{https://voidlinux.org/}",
}

@misc{lxc,
  title={{LXC}},
  author={Free {Software} {Foundation}},
  howpublished="[Online; accessed 28 January 2021] \url{https://linuxcontainers.org/}",
}

@misc{linux,
  title={Linux},
  author={Torvalds, Linus},
  howpublished="[Online; accessed 28 January 2021] \url{https://www.linuxfoundation.org/}",
}

@misc{docker,
  title={Docker},
  author={Hykes, Solomon},
  howpublished="[Online; accessed 28 January 2021] \url{https://www.docker.com/}",
}

@misc{postgresql,
  title={{PostgreSQL}},
  author={{PostgreSQL Global Development Group}},
  howpublished="[Online; accessed 28 January 2021] \url{https://www.postgresql.org/}",
}

@misc{mariadb,
  title={{MariaDB}},
  author={{MariaDB Corporation AB} and {MariaDB Foundation}},
  howpublished="[Online; accessed 28 January 2021] \url{https://mariadb.com/}",
}

@misc{mysql,
  title={{MySQL}},
  author={{Oracle Corporation}},
  howpublished="[Online; accessed 28 January 2021] \url{https://www.mysql.com/}",
}

@misc{fastapi,
  title={{FastAPI}},
  author={Ramírez, Sebastián},
  howpublished="[Online; accessed 28 January 2021] \url{https://fastapi.tiangolo.com/}",
  year={2018},
}

@misc{fastapi_benchmarks,
  title={{FastAPI benchmarks}},
  author={TechEmpower},
  howpublished="[Online; accessed 28 January 2021] \url{https://www.techempower.com/benchmarks/#section=data-r19&hw=ph&test=query&l=zijzen-1r}",
}

@misc{apiadora,
  title={{Apiadora}},
  author={Dutra, Diogo and Farinelli, Douglas},
  howpublished="[Online; accessed 28 January 2021] \url{https://dutradda.github.io/apidaora/}",
}

@misc{django,
  title={Django},
  author={Holovaty, Adrian and Willison, Simon},
  howpublished="[Online; accessed 28 January 2021] \url{https://www.djangoproject.com/}",
}

@misc{flask,
  title={Flask},
  author={Ronacher, Armin},
  howpublished="[Online; accessed 28 January 2021] \url{https://flask.palletsprojects.com/}",
}

@misc{pydantic,
  title={Pydantic},
  author={Colvin, Samuel and contributors},
  howpublished="[Online; accessed 28 January 2021] \url{https://pydantic-docs.helpmanual.io/}",
}

@misc{uvicorn,
  title={Uvicorn},
  author={{Encode OSS Ltd.}},
  howpublished="[Online; accessed 28 January 2021] \url{https://www.uvicorn.org/}",
}

@misc{python,
  title={Python},
  author={{Guido van Rossum}},
  howpublished="[Online; accessed 28 January 2021] \url{https://www.python.org/}",
}

@misc{redis,
  title={Redis},
  author={Sanfilippo, Salvatore},
  howpublished="[Online; accessed 28 January 2021] \url{https://redis.io/}",
}

@misc{toml,
  title={{TOML}},
  author={{Preston-Werner}, Tom},
  howpublished="[Online; accessed 28 January 2021] \url{https://toml.io/}",
}

@misc{yaml,
  title={{YAML}},
  author={{Ben-Kiki}, Oren and Evans, Clark and {Ingy döt Net}},
  howpublished="[Online; accessed 28 January 2021] \url{https://yaml.org/spec/1.2/spec.html}",
}

@techreport{c_programming_language,
  type = {Standard},
  key = {ISO/IEC 9899:2018},
  year = {2018},
  title = {{Information technology -- Programming languages -- C}},
  institution = {International Organization for Standardization}
}

@techreport{json,
  type = {Standard},
  key = {ISO/IEC 21778:2017},
  year = {2018},
  title = {{Information technology -- The JSON data interchange syntax}},
  institution = {International Organization for Standardization}
}

@misc{httpx,
  title={{HTTPX}},
  author={{Encode OSS Ltd.}},
  howpublished="[Online; accessed 28 January 2021] \url{https://www.python-httpx.org/}",
}

@misc{python_markdown_lib,
  title={{Python-Markdown library}},
  author={{Gruber, John}},
  howpublished="[Online; accessed 28 January 2021] \url{https://python-markdown.github.io/}",
}

@misc{passlib,
  title={Passlib},
  author={{Assurance Technologies LLC.}},
  howpublished="[Online; accessed 28 January 2021] \url{https://passlib.readthedocs.io/en/stable/}",
}

@misc{passlib_sha256,
  title={Passlib SHA256},
  author={{Assurance Technologies LLC.}},
  howpublished="[Online; accessed 28 January 2021] \url{https://passlib.readthedocs.io/en/stable/lib/passlib.hash.sha256_crypt.html}",
}

@misc{passlib_argon2,
  title={Passlib Argon 2},
  author={{Assurance Technologies LLC.}},
  howpublished="[Online; accessed 28 January 2021] \url{https://passlib.readthedocs.io/en/stable/narr/quickstart.html}",
}

@misc{sqlalchemy,
  title={{SQLAlchemy}},
  author={Bayer, Michael},
  howpublished="[Online; accessed 28 January 2021] \url{https://www.sqlalchemy.org/}",
}

@misc{pentago,
  author={Mindtwister},
  title = {Pentago user manual},
  howpublished="[Online; accessed 26 January 2021] \url{http://www.creativedeployment.com/clients/mindtwister/strategy-guides/MTUSA_Pentago\%20Rules-Strategy\%20Guide\%202015.pdf}",
  year = {2013},
}

@article{Buescher2009,
  author = {Buescher, Niklas},
  title = {On Solving Pentago},
  school = {Technische Universit\"at Darmstadt},
  year = {2011},
}

@article{Irving2014,
  title={Pentago is a first player win: Strongly solving a game using parallel in-core retrograde analysis},
  author={Irving, Geoffrey},
  journal={arXiv preprint arXiv:1404.0743},
  year={2014}
}

@misc{apache,
  title={Apache {HTTP} Server},
  author={McCool, Robert},
  howpublished="[Online; accessed 28 January 2021] \url{https://httpd.apache.org/}",
}

@misc{pugsql,
  title={PugSQL},
  author={McKinley, Daniel},
  howpublished="[Online; accessed 28 January 2021] \url{https://pugsql.org/}",
  year={2019},
}

@misc{parcel,
  title={Parcel},
  author={Govett, Devon},
  howpublished="[Online; accessed 28 January 2021] \url{https://parceljs.org/}",
}

@misc{top500,
  title={{TOP500}},
  author={Jack Dongarra, Erich Strohmaier, Horst Simon},
  howpublished="[Online; accessed 24 January 2021] \url{https://www.top500.org/statistics/}",
}

@misc{arm_investors,
  title={Q4/FY2016 Roadshow Slides},
  author={ARM},
  howpublished="[Online; accessed 24 January 2021] \url{https://www.arm.com/-/media/arm-com/company/Investors/Quarterly\%20Results\%20-\%20PDFs/ARM_SB_Q4_2016_Roadshow_Slides_FINAL.pdf?la=en}",
  year={2016},
}

@misc{top500isa,
  title={{TOP500} Supercomputers by Processor Family},
  author={Moxfyre},
  howpublished="[Online; accessed 24 January 2021] \url{https://commons.wikimedia.org/wiki/File:Processor_families_in_TOP500_supercomputers.svg}",
}

@article{Pibernik2019,
  title={The Effects of the Floating Action Button on Quality of Experience},
  author={Pibernik, Jesenka and Dolic, Jurica and Milicevic, Hrvoje Abraham and Kanizaj, Bojan},
  journal={Future Internet},
  volume={11},
  number={7},
  pages={148},
  year={2019},
  publisher={Multidisciplinary Digital Publishing Institute}
}

@book{Pierce2002,
  title={Types and programming languages},
  author={Pierce, Benjamin C and Benjamin, C},
  year={2002},
  publisher={MIT press}
}

@misc{Ross2014,
  title={The Performance of Python, Cython and C on a Vector},
  author={Ross, Paul},
  howpublished="[Online; accessed 24 January 2021] \url{https://notes-on-cython.readthedocs.io/en/latest/std_dev.html}",
  year={2014},
}

@misc{Flexera19,
  title={State of the Cloud Report},
  author={Flexera},
  howpublished="[Online; accessed 26 January 2021] \url{https://resources.flexera.com/web/media/documents/rightscale-2019-state-of-the-cloud-report-from-flexera.pdf}",
  year={2019},
}

@misc{cgroups,
  title={Control Group v2},
  author={Heo, Tejun},
  howpublished="[Online; accessed 26 January 2021] \url{https://www.kernel.org/doc/html/latest/admin-guide/cgroup-v2.html}",
  year={2015},
}

@misc{namespaces,
  title={Namespaces},
  howpublished="[Online; accessed 26 January 2021] \url{https://www.kernel.org/doc/html/latest/admin-guide/namespaces/index.html}",
}

@misc{capabilities,
  title={Capabilities},
  howpublished="[Online; accessed 26 January 2021] \url{https://man7.org/linux/man-pages/man7/capabilities.7.html}",
}

@misc{gunicorn,
  title={Gunicorn},
  howpublished="[Online; accessed 27 January 2021] \url{https://gunicorn.org/}",
}

@misc{systemd,
  title={systemd},
  howpublished="[Online; accessed 27 January 2021] \url{https://systemd.io/}",
}

@misc{curl,
  title={curl},
  howpublished="[Online; accessed 27 January 2021] \url{https://curl.se/}",
}